<collection xmlns="http://www.loc.gov/MARC21/slim">
   <record>
      <leader>03027cam a2200445 i 4500</leader>
      <controlfield tag="001">6808268</controlfield>
      <controlfield tag="003">OCoLC</controlfield>
      <controlfield tag="005">20150209090419.0</controlfield>
      <controlfield tag="008">140512t20152015mnu           000 1 eng d</controlfield>
      <datafield ind1=" " ind2=" " tag="010">
         <subfield code="a">  2014948533</subfield>
      </datafield>
      <datafield ind1=" " ind2=" " tag="020">
         <subfield code="a">1555976972</subfield>
         <subfield code="q">paperback</subfield>
      </datafield>
      <datafield ind1=" " ind2=" " tag="020">
         <subfield code="a">9781555976972</subfield>
         <subfield code="q">paperback</subfield>
      </datafield>
      <datafield ind1=" " ind2=" " tag="035">
         <subfield code="a">ocn879582811</subfield>
      </datafield>
      <datafield ind1=" " ind2=" " tag="040">
         <subfield code="a">YDXCP</subfield>
         <subfield code="b">eng</subfield>
         <subfield code="e">rda</subfield>
         <subfield code="c">YDXCP</subfield>
         <subfield code="d">BTCTA</subfield>
         <subfield code="d">BDX</subfield>
         <subfield code="d">OCLCQ</subfield>
         <subfield code="d">UOK</subfield>
         <subfield code="d">CGP</subfield>
         <subfield code="d">UAB</subfield>
         <subfield code="d">AEU</subfield>
      </datafield>
      <datafield ind1="1" ind2=" " tag="041">
         <subfield code="a">eng</subfield>
         <subfield code="h">srp</subfield>
      </datafield>
      <datafield ind1="1" ind2="4" tag="050">
         <subfield code="a">PG1419.26.I78</subfield>
         <subfield code="b">T4713 2015</subfield>
      </datafield>
      <datafield ind1="0" ind2="4" tag="082">
         <subfield code="a">891.8/235</subfield>
         <subfield code="2">23</subfield>
      </datafield>
      <datafield ind1=" " ind2=" " tag="090">
         <subfield code="a">PG 1419.26 I87 T4713 2015</subfield>
         <subfield code="b">AEU</subfield>
      </datafield>
      <datafield ind1="1" ind2=" " tag="100">
         <subfield code="a">Pištalo, Vladimir,</subfield>
         <subfield code="d">1960-</subfield>
         <subfield code="e">author.</subfield>
         <subfield code="0">http://id.loc.gov/authorities/names/nr89002092</subfield>
      </datafield>
      <datafield ind1="1" ind2="0" tag="240">
         <subfield code="a">Tesla.</subfield>
         <subfield code="l">English</subfield>
      </datafield>
      <datafield ind1="1" ind2="0" tag="245">
         <subfield code="a">Tesla :</subfield>
         <subfield code="b">a portrait with masks : a novel /</subfield>
         <subfield code="c">Vladimir Pištalo ; translated from the Serbian by Bogdan Rakić and John Jeffries.</subfield>
      </datafield>
      <datafield ind1=" " ind2="1" tag="264">
         <subfield code="a">Minneapolis, Minnesota :</subfield>
         <subfield code="b">Graywolf Press,</subfield>
         <subfield code="c">[2015]</subfield>
      </datafield>
      <datafield ind1=" " ind2="4" tag="264">
         <subfield code="c">©2015</subfield>
      </datafield>
      <datafield ind1=" " ind2=" " tag="300">
         <subfield code="a">452 pages ;</subfield>
         <subfield code="c">23 cm.</subfield>
      </datafield>
      <datafield ind1=" " ind2=" " tag="336">
         <subfield code="a">text</subfield>
         <subfield code="b">txt</subfield>
         <subfield code="2">rdacontent</subfield>
         <subfield code="0">http://id.loc.gov/vocabulary/contentTypes/txt</subfield>
      </datafield>
      <datafield ind1=" " ind2=" " tag="337">
         <subfield code="a">unmediated</subfield>
         <subfield code="b">n</subfield>
         <subfield code="2">rdamedia</subfield>
         <subfield code="0">http://id.loc.gov/vocabulary/mediaTypes/n</subfield>
      </datafield>
      <datafield ind1=" " ind2=" " tag="338">
         <subfield code="a">volume</subfield>
         <subfield code="b">nc</subfield>
         <subfield code="2">rdacarrier</subfield>
         <subfield code="0">http://id.loc.gov/vocabulary/carriers/nc</subfield>
      </datafield>
      <datafield ind1="1" ind2=" " tag="490">
         <subfield code="a">A Lannan translation selection</subfield>
      </datafield>
      <datafield ind1=" " ind2=" " tag="520">
         <subfield code="a">Nikola Tesla was a man forever misunderstood. From his boyhood in what is present-day Croatia, where his father, a Serbian Orthodox priest, dismissed his talents, to his tumultuous years in New York City, where his heated rivalry with Thomas Edison yielded triumphs and failures, Tesla was both demonized and lionized. Tesla captures the whirlwind years of the dawn of the electrical age, when his flair for showmanship kept him in the public eye. For every successful invention--the alternating current electrical system and wireless communication among them--there were hundreds of others. But what of the man behind the image? Vladimir Pištalo reveals the inner life of a man haunted by the loss of his older brother, a man who struggled with flashes of madness and brilliance whose mistrust of institutional support led him to financial ruin. Tesla: A Portrait with Masks is an impassioned account of a visionary whose influence is still felt today.</subfield>
      </datafield>
      <datafield ind1=" " ind2=" " tag="546">
         <subfield code="a">Translated from the Serbian.</subfield>
      </datafield>
      <datafield ind1=" " ind2=" " tag="596">
         <subfield code="a">43</subfield>
      </datafield>
      <datafield ind1="1" ind2="0" tag="600">
         <subfield code="a">Tesla, Nikola,</subfield>
         <subfield code="d">1856-1943</subfield>
         <subfield code="v">Fiction.</subfield>
         <subfield code="0">http://id.loc.gov/authorities/names/n78086404</subfield>
      </datafield>
      <datafield ind1=" " ind2="0" tag="650">
         <subfield code="a">Inventors</subfield>
         <subfield code="z">United States</subfield>
         <subfield code="v">Biography</subfield>
         <subfield code="v">Fiction.</subfield>
      </datafield>
      <datafield ind1="1" ind2=" " tag="700">
         <subfield code="a">Rakić, Bogdan,</subfield>
         <subfield code="e">translator.</subfield>
         <subfield code="0">http://id.loc.gov/authorities/names/n96036324</subfield>
      </datafield>
      <datafield ind1="1" ind2=" " tag="700">
         <subfield code="a">Jeffries, John,</subfield>
         <subfield code="e">translator.</subfield>
         <subfield code="0">http://id.loc.gov/authorities/names/n78074710</subfield>
         <subfield code="0">http://viaf.org/viaf/97932784</subfield>
      </datafield>
      <datafield ind1=" " ind2=" " tag="758">
         <subfield code="0">http://worldcat.org/entity/work/id/23784767</subfield>
      </datafield>
      <datafield ind1="0" ind2=" " tag="787">
         <subfield code="n">OCLC Work Id</subfield>
         <subfield code="o">http://worldcat.org/entity/work/id/23784767</subfield>
      </datafield>
      <datafield ind1=" " ind2="0" tag="830">
         <subfield code="a">Lannan translation series selection.</subfield>
         <subfield code="0">http://id.loc.gov/authorities/names/n2006016401</subfield>
      </datafield>
      <datafield ind1=" " ind2=" " tag="949">
         <subfield code="a">PG 1419.26 I87 T4713 2015</subfield>
         <subfield code="h">UAHS-B</subfield>
         <subfield code="i">0162035241221</subfield>
      </datafield>
      <datafield ind1=" " ind2=" " tag="926">
         <subfield code="a">PG 1419.26 I87 T4713 2015</subfield>
         <subfield code="w">LC</subfield>
         <subfield code="c">1</subfield>
         <subfield code="i">0162035241221</subfield>
         <subfield code="l">ON_SHELF</subfield>
         <subfield code="m">UAHSS</subfield>
         <subfield code="p">$150.00</subfield>
         <subfield code="r">Y</subfield>
         <subfield code="s">Y</subfield>
         <subfield code="t">BOOK</subfield>
         <subfield code="u">2/19/2015</subfield>
      </datafield>
   </record>
</collection>
